<?xml version="1.0" encoding="UTF-8" ?>
<OAI-PMH xmlns="http://www.openarchives.org/OAI/2.0/" 
	xmlns:xsi="http://www.w3.org/2001/XMLSchema-instance" 
	xsi:schemaLocation="http://www.openarchives.org/OAI/2.0/ http://www.openarchives.org/OAI/2.0/OAI-PMH.xsd">
	<responseDate>2011-03-30T15:12:42Z</responseDate>
	<request verb="ListRecords" resumptionToken="7|1004999|1005000|6679727">http://128.151.244.137:8080/OAIToolkit/oai-request.do</request>

	<ListRecords>
          <record>
            <header>
              <identifier>oai:library.rochester.edu:URVoyager1/1005000</identifier>
              <datestamp>2011-03-23T15:43:35Z</datestamp>
              <setSpec>bib</setSpec>
         </header>
	<metadata>

	<marc:record xmlns:marc="http://www.loc.gov/MARC21/slim" xmlns:xsi="http://www.w3.org/2001/XMLSchema-instance" xsi:schemaLocation="http://www.loc.gov/MARC21/slim http://128.151.244.137:8080/OAIToolkit/schema/MARC21slim_custom.xsd">
	  <!-- This record has no 007 field - it should not generate an error -->
	  <marc:leader>01287nam a22003250  4500</marc:leader>
	  <marc:controlfield tag="001">3</marc:controlfield>
	  <marc:controlfield tag="003">NRU</marc:controlfield>
	  <marc:controlfield tag="005">19980202172253.0</marc:controlfield>
	  <marc:controlfield tag="008">760518s1976    ne       b    101 0 eng  </marc:controlfield>
	  <marc:datafield ind1=" " ind2=" " tag="010">
	    <marc:subfield code="a">76017583</marc:subfield>
	  </marc:datafield>
	  <marc:datafield ind1=" " ind2=" " tag="020">
	    <marc:subfield code="a">0720405068</marc:subfield>
	  </marc:datafield>
	  <marc:datafield ind1=" " ind2=" " tag="035">
	    <marc:subfield code="b">ocl</marc:subfield>
	    <marc:subfield code="a">02297000</marc:subfield>
	  </marc:datafield>
	  <marc:datafield ind1=" " ind2=" " tag="035">
	    <marc:subfield code="9">00000019</marc:subfield>
	  </marc:datafield>
	  <marc:datafield ind1=" " ind2=" " tag="040">
	    <marc:subfield code="a">DLC</marc:subfield>
	    <marc:subfield code="c">DLC</marc:subfield>
	    <marc:subfield code="d">RRR</marc:subfield>
	  </marc:datafield>
	  <marc:datafield ind1=" " ind2=" " tag="049">
	    <marc:subfield code="a">RRRP</marc:subfield>
	  </marc:datafield>
	  <marc:datafield ind1="0" ind2=" " tag="050">
	    <marc:subfield code="a">QC174.45.A1</marc:subfield>
	    <marc:subfield code="b">A5</marc:subfield>
	  </marc:datafield>
	  <marc:datafield ind1=" " ind2=" " tag="099">
	    <marc:subfield code="a">QC174.45.A1 A5</marc:subfield>
	  </marc:datafield>
	  <marc:datafield ind1="0" ind2="0" tag="245">
	    <marc:subfield code="a">Analyse structurale des amplitudes de collision =</marc:subfield>
	    <marc:subfield code="b">Structural analysis of collision amplitudes : Les Houches, June Institute, 2-27 June 1975 /</marc:subfield>
	    <marc:subfield code="c">edite´ par Roger Balian et Daniel Iagolnitzer.</marc:subfield>
	  </marc:datafield>
	  <marc:datafield ind1=" " ind2=" " tag="260">
	    <marc:subfield code="a">Amsterdam :</marc:subfield>
	    <marc:subfield code="b">North-Holland Pub. Co. ;</marc:subfield>
	    <marc:subfield code="a">New York :</marc:subfield>
	    <marc:subfield code="b">American Elsevier Pub. Co.,</marc:subfield>
	    <marc:subfield code="c">[1976]</marc:subfield>
	  </marc:datafield>
	  <marc:datafield ind1=" " ind2=" " tag="300">
	    <marc:subfield code="a">xix, 637 p. :</marc:subfield>
	    <marc:subfield code="b">ill. ;</marc:subfield>
	    <marc:subfield code="c">23 cm.</marc:subfield>
	  </marc:datafield>
	  <marc:datafield ind1=" " ind2=" " tag="500">
	    <marc:subfield code="a">Lectures delivered at Les Houches, E´cole d'e´te´ de physique the´orique.</marc:subfield>
	  </marc:datafield>
	  <marc:datafield ind1=" " ind2=" " tag="504">
	    <marc:subfield code="a">Includes bibliographies and index.</marc:subfield>
	  </marc:datafield>
	  <marc:datafield ind1=" " ind2="0" tag="650">
	    <marc:subfield code="a">Quantum field theory</marc:subfield>
	    <marc:subfield code="x">Congresses.</marc:subfield>
	  </marc:datafield>
	  <marc:datafield ind1=" " ind2="0" tag="650">
	    <marc:subfield code="a">S-matrix theory</marc:subfield>
	    <marc:subfield code="x">Congresses.</marc:subfield>
	  </marc:datafield>
	  <marc:datafield ind1=" " ind2="0" tag="650">
	    <marc:subfield code="a">Regge theory</marc:subfield>
	    <marc:subfield code="x">Congresses.</marc:subfield>
	  </marc:datafield>
	  <marc:datafield ind1="1" ind2=" " tag="700">
	    <marc:subfield code="a">Balian, Roger.</marc:subfield>
	  </marc:datafield>
	  <marc:datafield ind1="1" ind2=" " tag="700">
	    <marc:subfield code="a">Iagolnitzer, Daniel.</marc:subfield>
	  </marc:datafield>
	  <marc:datafield ind1="2" ind2=" " tag="710">
	    <marc:subfield code="a">Universite´ de Grenoble.</marc:subfield>
	    <marc:subfield code="b">E´cole d'e´te´ de physique the´orique,Les Houches.</marc:subfield>
	  </marc:datafield>
	  <marc:datafield ind1="0" ind2=" " tag="740">
	    <marc:subfield code="a">Structural analysis of collision amplitudes.</marc:subfield>
	  </marc:datafield>
	  <marc:datafield ind1=" " ind2=" " tag="911">
	    <marc:subfield code="a">p</marc:subfield>
	  </marc:datafield>
	  <marc:datafield ind1=" " ind2=" " tag="966">
	    <marc:subfield code="l">Stack</marc:subfield>
	    <marc:subfield code="m">RMON</marc:subfield>
	    <marc:subfield code="s">QC174.45.A1 A5</marc:subfield>
	    <marc:subfield code="b">39087000582157</marc:subfield>
	  </marc:datafield>
	</marc:record>
       </metadata>
     </record>