
     
     <record>
      <header>
       <identifier>oai:library.rochester.edu:URVoyager1/1005001</identifier>
       <datestamp>2011-03-23T15:43:35Z</datestamp>
       <setSpec>bib</setSpec>
      </header>
      <metadata>

	<marc:record xmlns:marc="http://www.loc.gov/MARC21/slim" xmlns:xsi="http://www.w3.org/2001/XMLSchema-instance" xsi:schemaLocation="http://www.loc.gov/MARC21/slim http://128.151.244.137:8080/OAIToolkit/schema/MARC21slim_custom.xsd">
	  <!-- This record has no 007 field - it should not generate an error -->
	  <marc:leader>01367nam a22003618  4500</marc:leader>
	  <marc:controlfield tag="001">7</marc:controlfield>
	  <marc:controlfield tag="003">NRU</marc:controlfield>
	  <marc:controlfield tag="005">19950701000000.0</marc:controlfield>
	  <marc:controlfield tag="008">760506s1976    mau      b    001 0aeng  </marc:controlfield>
	  <marc:datafield ind1=" " ind2=" " tag="010">
	    <marc:subfield code="a">   76008758 </marc:subfield>
	  </marc:datafield>
	  <marc:datafield ind1=" " ind2=" " tag="020">
	    <marc:subfield code="a">0870232177 :</marc:subfield>
	    <marc:subfield code="c">$8.00</marc:subfield>
	  </marc:datafield>
	  <marc:datafield ind1=" " ind2=" " tag="035">
	    <marc:subfield code="b">ocl</marc:subfield>
	    <marc:subfield code="a">02224945</marc:subfield>
	  </marc:datafield>
	  <marc:datafield ind1=" " ind2=" " tag="035">
	    <marc:subfield code="9">00000176</marc:subfield>
	  </marc:datafield>
	  <marc:datafield ind1=" " ind2=" " tag="040">
	    <marc:subfield code="a">DLC</marc:subfield>
	    <marc:subfield code="c">DLC</marc:subfield>
	    <marc:subfield code="d">RRR</marc:subfield>
	  </marc:datafield>
	  <marc:datafield ind1=" " ind2=" " tag="043">
	    <marc:subfield code="a">n-us---</marc:subfield>
	    <marc:subfield code="a">n-cn---</marc:subfield>
	  </marc:datafield>
	  <marc:datafield ind1=" " ind2=" " tag="049">
	    <marc:subfield code="a">RRRR</marc:subfield>
	  </marc:datafield>
	  <marc:datafield ind1="0" ind2=" " tag="050">
	    <marc:subfield code="a">E99.M8</marc:subfield>
	    <marc:subfield code="b">W54 1976</marc:subfield>
	  </marc:datafield>
	  <marc:datafield ind1=" " ind2=" " tag="090">
	    <marc:subfield code="a">E87</marc:subfield>
	    <marc:subfield code="b">.W72Ar 1976</marc:subfield>
	  </marc:datafield>
	  <marc:datafield ind1=" " ind2=" " tag="099">
	    <marc:subfield code="a">E87 .W72Ar 1976</marc:subfield>
	  </marc:datafield>
	  <marc:datafield ind1="1" ind2=" " tag="100">
	    <marc:subfield code="a">Williams, John,</marc:subfield>
	    <marc:subfield code="d">1664-1729.</marc:subfield>
	  </marc:datafield>
	  <marc:datafield ind1="0" ind2="0" tag="240">
	    <marc:subfield code="a">Redeemed captive returning to Zion</marc:subfield>
	  </marc:datafield>
	  <marc:datafield ind1="1" ind2="4" tag="245">
	    <marc:subfield code="a">The redeemed captive /</marc:subfield>
	    <marc:subfield code="c">John Williams ; edited by Edward W. Clark.</marc:subfield>
	  </marc:datafield>
	  <marc:datafield ind1=" " ind2=" " tag="260">
	    <marc:subfield code="a">Amherst :</marc:subfield>
	    <marc:subfield code="b">University of Massachusetts Press,</marc:subfield>
	    <marc:subfield code="c">1976.</marc:subfield>
	  </marc:datafield>
	  <marc:datafield ind1=" " ind2=" " tag="300">
	    <marc:subfield code="a">137 p. :</marc:subfield>
	    <marc:subfield code="b">map ;</marc:subfield>
	    <marc:subfield code="c">23 cm.</marc:subfield>
	  </marc:datafield>
	  <marc:datafield ind1=" " ind2=" " tag="500">
	    <marc:subfield code="a">Based on the editor's critical text taken from the first three editions of The Redeemed captive, first published in 1707.</marc:subfield>
	  </marc:datafield>
	  <marc:datafield ind1=" " ind2=" " tag="500">
	    <marc:subfield code="a">Derived from Clark's dissertation, University of Wisconsin, 1972.</marc:subfield>
	  </marc:datafield>
	  <marc:datafield ind1=" " ind2=" " tag="504">
	    <marc:subfield code="a">Includes bibliographical references and index.</marc:subfield>
	  </marc:datafield>
	  <marc:datafield ind1=" " ind2="0" tag="650">
	    <marc:subfield code="a">Indian captivities.</marc:subfield>
	  </marc:datafield>
	  <marc:datafield ind1=" " ind2="0" tag="651">
	    <marc:subfield code="a">Deerfield (Mass.)</marc:subfield>
	    <marc:subfield code="x">History</marc:subfield>
	    <marc:subfield code="y">Colonial period, ca. 1600-1775.</marc:subfield>
	  </marc:datafield>
	  <marc:datafield ind1=" " ind2="0" tag="651">
	    <marc:subfield code="a">United States</marc:subfield>
	    <marc:subfield code="x">History</marc:subfield>
	    <marc:subfield code="y">Queen Anne's War, 1702-1713</marc:subfield>
	    <marc:subfield code="x">Personal narratives.</marc:subfield>
	  </marc:datafield>
	  <marc:datafield ind1="1" ind2=" " tag="700">
	    <marc:subfield code="a">Clark, Edward W.,</marc:subfield>
	    <marc:subfield code="d">1943-</marc:subfield>
	  </marc:datafield>
	  <marc:datafield ind1=" " ind2=" " tag="911">
	    <marc:subfield code="a">p</marc:subfield>
	  </marc:datafield>
	  <marc:datafield ind1=" " ind2=" " tag="966">
	    <marc:subfield code="l">Stack </marc:subfield>
	    <marc:subfield code="m">RMON  </marc:subfield>
	    <marc:subfield code="s">E87 .W72Ar 1976</marc:subfield>
	    <marc:subfield code="b">39087002949636</marc:subfield>
	  </marc:datafield>
	  <marc:datafield ind1=" " ind2=" " tag="966">
	    <marc:subfield code="l">GenStk</marc:subfield>
	    <marc:subfield code="m">DIVMTH</marc:subfield>
	    <marc:subfield code="s">E99.M8 W54 1976</marc:subfield>
	  </marc:datafield>
	</marc:record>
       </metadata>
     </record>